
@online{1,
    author = "Nguyen Canh, Thuong",
    title = " Can anyone inform me please about the advantages and limitations of Generative Adversarial Networks (GANs) ?",
    url  = "https://www.researchgate.net/post/Can-anyone-inform-me-please-about-the-advantages-and-limitations-of-Generative-Adversarial-Networks-GANs/5b36e1ca6a21fff96939d7cf",
    addendum = "(accessed: 5/12/2021)"
}
@online{2,
    author = "Alexander Soare",
    title = "  What are the fundamental differences between VAE and GAN for image generation?",
    url  = "https://ai.stackexchange.com/questions/25601/what-are-the-fundamental-differences-between-vae-and-gan-for-image-generation",
    addendum = "(accessed: 5/12/2021)"
}
@online{3,
    author = "Nathan Yan",
    title = "What's the difference between CNN, GANs, autoencoders and VAE?",
    url  = "https://www.quora.com/Whats-the-difference-between-CNN-GANs-autoencoders-and-VAE",
    addendum = "(accessed: 5/12/2021)"
}
@online{4,
    author = "Nathan Yan",
    title = "What's the difference between CNN, GANs, autoencoders and VAE?",
    url  = "https://www.quora.com/Whats-the-difference-between-CNN-GANs-autoencoders-and-VAE",
    addendum = "(accessed: 5/12/2021)"
}
@online{5,
    title = "Loss function from Google Developer",
    url  = "https://developers.google.com/machine-learning/gan/loss",
    addendum = "(accessed: 5/12/2021)"
}
@online{5,
    author = "Phillip Isola, Jun-Yan Zhu, Tinghui Zhou, Alexei A. Efros,",
    title = " Image-to-Image Translation with Conditional Adversarial Networks, Computer Vision and Pattern Recognition (cs.CV), pp. 12. ",
    url  = "https://arxiv.org/abs/1611.07004",
    addendum = "(accessed: 5/12/2021)"
}
@article{6,
    author = "Jun-Yan Zhu, Taesung Park, Phillip Isola, Alexei A. Efros.",
    title = "{Unpaired Image-to-Image Translation using Cycle-Consistent Adversarial Networks}",
    pages = "3-11",
    year = "2017",
    DOI = "https://arxiv.org/abs/1611.07004",
    keywords = " Computer Vision and Pattern Recognition"
}
@article{7,
    author = "Han Zhang, Tao Xu, Hongsheng Li, Shaoting Zhang, Xiaogang Wang, Xiaolei Huang, Dimitris Metaxas,",
    title = "{StackGAN: Text to Photo-realistic Image Synthesis with Stacked Generative Adversarial Networks}",
    pages = "11",
    year = "2016",
    DOI = "https://arxiv.org/abs/1609.02612",
    keywords = "Computer Vision and Pattern Recognition (cs.CV); Artificial Intelligence (cs.AI); Machine Learning (stat.ML)"
}
@article{8,
    author = "Ian J. Goodfellow, Jean Pouget-Abadie, Mehdi Mirza, Bing Xu, David Warde-Farley, Sherjil Ozair, Aaron Courville, Yoshua Bengio,",
    title = "{ Generative Adversarial Networks}",
    pages = "11",
    year = "2014",
    DOI = "https://arxiv.org/abs/1406.2661",
    keywords = "Machine Learning (stat.ML); Machine Learning (cs.LG)"
}
@article{9,
    author = "Ian J. Goodfellow, Jean Pouget-Abadie, Mehdi Mirza, Bing Xu, David Warde-Farley, Sherjil Ozair, Aaron Courville, Yoshua Bengio,",
    title = "{ Score-based Generative Modeling in Latent Space}",
    pages = "11",
    year = "2014",
    DOI = "https://arxiv.org/abs/2106.05931",
    keywords = "Machine Learning (stat.ML); Machine Learning (cs.LG"
}
@article{10,
    author = "Wang, Kunfeng & Gou, Chao & Duan, Yanjie & Yilun, Lin & Zheng, Xinhu & Wang, Fei-Yue",
    title = "{ Generative Adversarial Networks: Introduction and Outlook}",
    pages = " 1-8",
    year = "2017",
    DOI = "10.1109/JAS.2017.7510583",
    keywords = "Machine Learning (stat.ML); Machine Learning (cs.LG"
}

@book{11,
    title = {Deep Learning},
    author = {Goodfellow, I.; Bengio, Y. & Courville, A},
    year = {2016},
    publisher = {MIT Press},
}
@article{12,
    author = "Gupta, S.,",
    title = "{ Getting Started with GANs Using PyTorch. [online] Towards Data Science. Available }",
    year = "2020",
    DOI = "https://towardsdatascience.com/getting-started-with-gans-using-pytorch-78e7c22a14a5",
}

@online{12,
    author = "shubham7169007",
    title = "  cat-dcgan",
    url  = "https://jovian.ai/shubham7169007/cat-dcgan",
    addendum = "(accessed: 5/12/2021)"
}
@book{11,
    title = {Deep Learning},
    author = {Goodfellow, I.; Bengio, Y. & Courville, A},
    year = {2016},
    publisher = {MIT Press},
}
@article{13,
    author = "Salimans, T., Goodfellow, I., Zaremba, W., Cheung, V., Radford, A. and Chen, X",
    title = "{Improved Techniques for Training GANs.}",
    year = "2021",
    DOI = "https://arxiv.org/abs/1606.03498",
}
@article{14,
    author = "Radford, A., Metz, L. and Chintala, S.",
    title = "{Unsupervised Representation Learning with Deep Convolutional Generative Adversarial Networks}",
    year = "2021",
    DOI = "https://arxiv.org/abs/1511.06434",
}
@article{15,
    author = "Brownlee, J",
    title = "{ Tips for Training Stable Generative Adversarial Networks.}",
    year = "2021",
    DOI = "https://machinelearningmastery.com/how-to-train-stable-generative-adversarial-networks/",
}